@online{site:plotly.js,
  title = {Documentazione Plotly.js},
  url   = {https://plot.ly/javascript/}
}
@online{site:numbro.js,
  title = {Documentazione Numbro.js},
  url   = {http://numbrojs.com/}
}
@online{site:d3.js,
  title = {Documentazione D3.js},
  url   = {https://d3js.org/}
}
@online{site:day.js,
  title = {Documentazione Day.js},
  url   = {https://day.js.org/}
}
@online{site:lodash.js,
  title = {Documentazione Lodash.js},
  url   = {https://lodash.com/}
}
@online{site:primereact,
  title = {Documentazione PrimeReact},
  url   = {https://www.primefaces.org/primereact/}
}
@online{site:primeflex,
  title = {Documentazione PrimeFlex},
  url   = {https://www.primefaces.org/primeflex/}
}
@online{site:usehooks-ts,
  title = {Documentazione useHooks},
  url   = {https://usehooks-typescript.com/}
}
@online{site:jest,
  title = {Documentazione Jest},
  url   = {https://jestjs.io/}
}
@online{site:yarn-registry,
  title = {Registro Yarn},
  url   = {https://yarnpkg.com/}
}
@online{site:confluence,
  title = {Documentazione Confluence},
  url   = {https://www.atlassian.com/it/software/confluence}
}
@online{site:react,
  title = {Documentazione React},
  url   = {https://react.dev/}
}
@online{site:component-library-architecture,
  title = {Component Library Architecture Pattern},
  url   = {https://www.emergeagency.com/insights/detail/how-to-ux-ui-design-system-component-library/}
}
@online{site:composition-component-Pattern,
  title = {Composition Component Pattern Felix Gerschau},
  url   = {https://felixgerschau.com/react-component-composition/}
}
@online{site:rollup-building,
  title = {Rollup Building Library},
  url   = {https://rollupjs.org/introduction/}
}
@online{site:package.json,
  title = {Documentazione package.json},
  url   = {https://docs.npmjs.com/files/package.json}
}